@inproceedings{Mima:2002:MTK:1072228.1072311,
 author = {Mima, Hideki and Ananiadou, Sophia and Nenadic, Goran and Tsujii, Junichi},
 title = {A methodology for terminology-based knowledge acquisition and integration},
 booktitle = {Proceedings of the 19th international conference on Computational linguistics - Volume 1},
 series = {COLING '02},
 year = {2002},
 location = {Taipei, Taiwan},
 pages = {1--7},
 numpages = {7},
 url = {http://dx.doi.org/10.3115/1072228.1072311},
 doi = {http://dx.doi.org/10.3115/1072228.1072311},
 acmid = {1072311},
 publisher = {Association for Computational Linguistics},
 address = {Stroudsburg, PA, USA},
} 

@InProceedings{gupta-manning:2011:IJCNLP-2011,
  author    = {Gupta, Sonal  and  Manning, Christopher},
  title     = {Analyzing the Dynamics of Research by Extracting Key Aspects of Scientific Papers},
  booktitle = {Proceedings of 5th International Joint Conference on Natural Language Processing},
  month     = {November},
  year      = {2011},
  address   = {Chiang Mai, Thailand},
  publisher = {Asian Federation of Natural Language Processing},
  pages     = {1--9},
  url       = {http://www.aclweb.org/anthology/I11-1001}
}
@inproceedings{hearst98,
author	= { Hearst, Marti},
title	= {Automated discovery of WordNet relations. },
booktitle	={ An Electronic Lexical Database and Some of Its Applications},
editor	= {Christiane Fellbaum}, 
year	= {1998},
pages	= { 131-151},
publisher	= { MIT Press},
address	={Cambridge, MA},
}
@inproceedings{Brin:1998:EPR:646543.696220,
 author = {Brin, Sergey},
 title = {Extracting Patterns and Relations from the World Wide Web},
 booktitle = {Selected papers from the International Workshop on The World Wide Web and Databases},
 year = {1999},
 isbn = {3-540-65890-4},
 pages = {172--183},
 numpages = {12},
 url = {http://dl.acm.org/citation.cfm?id=646543.696220},
 acmid = {696220},
 publisher = {Springer-Verlag},
 address = {London, UK},
} 
@inbook{Bontcheva_Cunningham_2003, title={The Semantic Web: A New Opportunity
and Challenge for Human Language Technology},
url={http://www.gate.ac.uk/sale/iswc03/iswc03.pdf}, booktitle={Proceedings of
Workshop on Human Language Technology for the Semantic Web and Web Services 2nd
International Semantic Web Conference}, publisher={Citeseer}, author={Bontcheva,
Kalina and Cunningham, Hamish}, year={2003}, pages={8 p.}}

@conference{brewster_et_al_2004b,
  added-at = {2012-02-14T09:17:51.000+0100},
  address = { Lisbon, Portugal},
  author = {Brewster, C. and Alani, H. and Dasmahapatra, S. and Wilks, Y.},
  biburl = {http://www.bibsonomy.org/bibtex/263e01b5caeb1803a82ec5ca401fcd41b/swalk},
  booktitle = { Proceedings of the International Conference on Language Resources and Evaluation (LREC)},
  interhash = {615293082c2ac03b50617689910fddf5},
  intrahash = {63e01b5caeb1803a82ec5ca401fcd41b},
  keywords = {analysis collaborative networks ontologies recommender},
  timestamp = {2012-02-14T09:17:51.000+0100},
  title = { Data Driven Ontology Evaluation},
  year = { 2004}
}
